<record><leader>00000cas a2200000 a 4500</leader><controlfield tag="001">45638276</controlfield><controlfield tag="007">hd afu---baca</controlfield><controlfield tag="008">001230d19171925dcuwr nea     0    0eng c</controlfield><datafield ind1=" " ind2=" " tag="010"><subfield code="a">   00229144 </subfield></datafield><datafield ind1=" " ind2=" " tag="040"><subfield code="a">FUG</subfield><subfield code="b">eng</subfield><subfield code="c">FUG</subfield><subfield code="d">OCLCQ</subfield><subfield code="d">OCLCF</subfield><subfield code="d">OCLCO</subfield></datafield><datafield ind1="1" ind2=" " tag="029"><subfield code="a">AU@</subfield><subfield code="b">000022165642</subfield></datafield><datafield ind1=" " ind2=" " tag="042"><subfield code="a">pcc</subfield></datafield><datafield ind1=" " ind2=" " tag="043"><subfield code="a">n-us-dc</subfield></datafield><datafield ind1="0" ind2="4" tag="245"><subfield code="a">The National tribune, incorporating the national guardsman and the American standard</subfield><subfield code="h">[microform].</subfield></datafield><datafield ind1="3" ind2="0" tag="246"><subfield code="a">National tribune</subfield></datafield><datafield ind1=" " ind2=" " tag="260"><subfield code="a">Washington, D.C. :</subfield><subfield code="b">[National Tribune Co.],</subfield><subfield code="c">1917-1925.</subfield></datafield><datafield ind1=" " ind2=" " tag="300"><subfield code="a">v.</subfield></datafield><datafield ind1=" " ind2=" " tag="310"><subfield code="a">Weekly</subfield></datafield><datafield ind1="0" ind2=" " tag="362"><subfield code="a">Vol. 36, no. 29 (July 19, 1917)-v. 44, no. 53 (Dec. 31, 1925) = Whole no. 1871-2313.</subfield></datafield><datafield ind1=" " ind2=" " tag="530"><subfield code="a">Also issued in the original print ed.</subfield></datafield><datafield ind1=" " ind2=" " tag="533"><subfield code="a">Microfilm.</subfield><subfield code="b">Washington, D.C. :</subfield><subfield code="c">Library of Congress, Photoduplication Service,</subfield><subfield code="d">[1976?].</subfield><subfield code="e">microfilm reels ; 35 mm.</subfield></datafield><datafield ind1=" " ind2="0" tag="651"><subfield code="a">Washington (D.C.)</subfield><subfield code="v">Newspapers.</subfield></datafield><datafield ind1=" " ind2="0" tag="650"><subfield code="a">Military art and science</subfield><subfield code="z">United States</subfield><subfield code="v">Newspapers.</subfield></datafield><datafield ind1=" " ind2="0" tag="650"><subfield code="a">Military pensions</subfield><subfield code="z">United States</subfield><subfield code="v">Newspapers.</subfield></datafield><datafield ind1=" " ind2="7" tag="655"><subfield code="a">Newspapers.</subfield><subfield code="2">fast</subfield><subfield code="0">(OCoLC)fst01423814</subfield></datafield><datafield ind1=" " ind2="7" tag="650"><subfield code="a">Military art and science.</subfield><subfield code="2">fast</subfield><subfield code="0">(OCoLC)fst01020874</subfield></datafield><datafield ind1=" " ind2="7" tag="650"><subfield code="a">Military pensions.</subfield><subfield code="2">fast</subfield><subfield code="0">(OCoLC)fst01021361</subfield></datafield><datafield ind1=" " ind2="7" tag="651"><subfield code="a">United States.</subfield><subfield code="2">fast</subfield><subfield code="0">(OCoLC)fst01204155</subfield></datafield><datafield ind1=" " ind2="7" tag="651"><subfield code="a">Washington (D.C.)</subfield><subfield code="2">fast</subfield><subfield code="0">(OCoLC)fst01204505</subfield></datafield><datafield ind1=" " ind2=" " tag="752"><subfield code="a">United States</subfield><subfield code="b">District of Columbia</subfield><subfield code="d">Washington.</subfield></datafield><datafield ind1="1" ind2=" " tag="776"><subfield code="c">Original</subfield><subfield code="w">(DLC)sn 87062382</subfield><subfield code="w">(OCoLC)16794466</subfield></datafield><datafield ind1="0" ind2="4" tag="780"><subfield code="t">National tribune (Washington, D.C)</subfield><subfield code="w">(DLC)   00229143</subfield><subfield code="w">(OCoLC)10803963</subfield></datafield><datafield ind1="0" ind2="4" tag="780"><subfield code="t">National guardsman and American standard</subfield></datafield><datafield ind1="0" ind2="7" tag="785"><subfield code="t">Stars and stripes (Washington, D.C.)</subfield><subfield code="w">(DLC)sf 98094692</subfield><subfield code="w">(OCoLC)32863603</subfield></datafield><datafield ind1="0" ind2="7" tag="785"><subfield code="t">National tribune, the stars and stripes, the national guardsman, the American standard</subfield></datafield><datafield ind1=" " ind2=" " tag="850"><subfield code="a">FU</subfield></datafield></record>